Add BibTeX references here

@book{knuth1997art,
  title={The art of computer programming},
  author={Knuth, Donald},
  volume={3},
  year={1997},
  publisher={Pearson Education}
}

@article{dean2008mapreduce,
  title={MapReduce: simplified data processing on large clusters},
  author={Dean, Jeffrey and Ghemawat, Sanjay},
  journal={Communications of the ACM},
  volume={51},
  number={1},
  pages={107--113},
  year={2008},
  publisher={ACM New York, NY, USA}
}
